<?xml version="1.0" encoding="UTF-8"?><collection xmlns="http://www.loc.gov/MARC21/slim"><record><leader>00325nam--2200121-i-4500</leader><controlfield tag="001">000050215</controlfield><controlfield tag="002">20161230</controlfield><controlfield tag="005">20161230201048</controlfield><controlfield tag="008">060222s1000------------r-----000-0-eng-d</controlfield><datafield ind1=" " ind2=" " tag="245"><subfield code="a">Himicheskaia zashchita organizma ot ioniziruiushchih izluchenii</subfield></datafield><datafield ind1=" " ind2=" " tag="260"><subfield code="a">Moskva, Atomizdat, 1960. 151 S</subfield></datafield><datafield ind1=" " ind2=" " tag="700"><subfield code="a">Balabuh,V.S</subfield></datafield><datafield ind1=" " ind2=" " tag="852"><subfield code="a">7001</subfield></datafield></record></collection>